<?xml version="1.0" encoding="UTF-8"?><collection xmlns="http://www.loc.gov/MARC21/slim"><record><leader>00442nam--2200157-u-4500</leader><controlfield tag="001">000051555</controlfield><controlfield tag="002">20161230</controlfield><controlfield tag="005">20161230201049</controlfield><controlfield tag="008">080806s1000------------r-----000-0-eng-d</controlfield><datafield ind1="1" ind2="0" tag="100"><subfield code="a">Wall, C.T.C. (Ed.)</subfield></datafield><datafield ind1="1" ind2=" " tag="245"><subfield code="a">Proceedings of Liverpool Singularities Symposium II</subfield></datafield><datafield ind1=" " ind2=" " tag="260"><subfield code="a">Berlin</subfield><subfield code="b">Springer Verlag</subfield><subfield code="c">1971</subfield></datafield><datafield ind1=" " ind2=" " tag="300"><subfield code="a">279 p</subfield></datafield><datafield ind1=" " ind2=" " tag="490"><subfield code="a">Lecture Notes in Mathematics</subfield><subfield code="v">vol. 209</subfield></datafield><datafield ind1=" " ind2=" " tag="852"><subfield code="a">39837</subfield><subfield code="c">517.5</subfield></datafield><datafield ind1=" " ind2=" " tag="CAT"><subfield code="a">Sys</subfield><subfield code="c">20080806</subfield><subfield code="h">093015</subfield></datafield></record></collection>